<?xml version="1.0" encoding="UTF-8"?><record xmlns="http://www.loc.gov/MARC21/slim" xmlns:cinclude="http://apache.org/cocoon/include/1.0" xmlns:zs="http://www.loc.gov/zing/srw/">
  <leader>00414cz  a2200145n  4500</leader>
  <controlfield tag="001">no2001088531</controlfield>
  <controlfield tag="003">DLC</controlfield>
  <controlfield tag="005">20051208171232.0</controlfield>
  <controlfield tag="008">011106n| acannaabn          |a aaa     c</controlfield>
  <datafield tag="010" ind1=" " ind2=" ">
    <subfield code="a">no2001088531</subfield>
  </datafield>
  <datafield tag="035" ind1=" " ind2=" ">
    <subfield code="a">(OCoLC)oca05619495</subfield>
  </datafield>
  <datafield tag="040" ind1=" " ind2=" ">
    <subfield code="a">InU</subfield>
    <subfield code="b">eng</subfield>
    <subfield code="c">InU</subfield>
    <subfield code="d">DLC</subfield>
  </datafield>
  <datafield tag="100" ind1="1" ind2=" ">
    <subfield code="a">Di Domenico, Leila</subfield>
  </datafield>
  <datafield tag="400" ind1="1" ind2=" ">
    <subfield code="a">Domenico, Leila di</subfield>
  </datafield>
  <datafield tag="670" ind1=" " ind2=" ">
    <subfield code="a">Edizione goldoniane della Biblioteca braidense, 1999:</subfield>
    <subfield code="b">t.p. (Leila Di Domenico)</subfield>
  </datafield>
</record>